<?xml version="1.0" encoding="UTF-8"?><collection xmlns="http://www.loc.gov/MARC21/slim"><record><leader>00407nam--2200133-i-4500</leader><controlfield tag="001">000031146</controlfield><controlfield tag="002">20161230</controlfield><controlfield tag="005">20161230201038</controlfield><controlfield tag="008">060222s1000------------r-----000-0-eng-d</controlfield><datafield ind1=" " ind2=" " tag="080"><subfield code="a">550.834</subfield></datafield><datafield ind1=" " ind2=" " tag="100"><subfield code="a">Loeb, J</subfield></datafield><datafield ind1=" " ind2=" " tag="245"><subfield code="a">Underwater shock waves.paper presented at the 31 st eaeg meeting in venice from 21 st to 23 r may, 1969</subfield></datafield><datafield ind1=" " ind2=" " tag="260"><subfield code="a">Paris, Compagnie Generale De Geophysique, 1969. 13p</subfield></datafield><datafield ind1=" " ind2=" " tag="852"><subfield code="a">48060</subfield></datafield></record></collection>